<?xml version="1.0" encoding="UTF-8"?><collection xmlns="http://www.loc.gov/MARC21/slim"><record><leader>00413nam--2200133-i-4500</leader><controlfield tag="001">000019909</controlfield><controlfield tag="002">20161230</controlfield><controlfield tag="005">20161230201033</controlfield><controlfield tag="008">060222s1000------------r-----000-0-eng-d</controlfield><datafield ind1=" " ind2=" " tag="080"><subfield code="a">550.34:550.8(079.2)</subfield></datafield><datafield ind1=" " ind2=" " tag="100"><subfield code="a">Constantinescu, Stela</subfield></datafield><datafield ind1=" " ind2=" " tag="245"><subfield code="a">Utilizarea metodei seismice de reflexie in determinarea structurilor interne ale solului</subfield></datafield><datafield ind1=" " ind2=" " tag="260"><subfield code="a">Bucuresti, Universitatea C.I.Parhon, 1961. 34p</subfield></datafield><datafield ind1=" " ind2=" " tag="852"><subfield code="a">47498</subfield></datafield></record></collection>